<record><leader>00000cas a22000007a 4500</leader><controlfield tag="001">18631799</controlfield><controlfield tag="008">881019d19111911nduwr ne      0    0eng d</controlfield><datafield ind1=" " ind2=" " tag="010"><subfield code="a">sn 88076192 </subfield></datafield><datafield ind1=" " ind2=" " tag="040"><subfield code="a">NOP</subfield><subfield code="b">eng</subfield><subfield code="c">NOP</subfield><subfield code="d">OCLCQ</subfield></datafield><datafield ind1=" " ind2=" " tag="042"><subfield code="a">msc</subfield></datafield><datafield ind1="0" ind2="4" tag="245"><subfield code="a">The Verona weekly standard.</subfield></datafield><datafield ind1=" " ind2=" " tag="260"><subfield code="a">Verona, LaMoure County, N. Dak :</subfield><subfield code="b">Chapel &amp; Davies</subfield></datafield><datafield ind1=" " ind2=" " tag="300"><subfield code="a">1 v. :</subfield><subfield code="b">ill. ;</subfield><subfield code="c">55 cm.</subfield></datafield><datafield ind1=" " ind2=" " tag="310"><subfield code="a">Weekly</subfield></datafield><datafield ind1="0" ind2=" " tag="362"><subfield code="a">Vol. 1, no. 1 (Jan. 26, 1911)-v. 1, no. 31 (Aug. 25, 1911).</subfield></datafield><datafield ind1=" " ind2=" " tag="530"><subfield code="a">Available on microfilm from the State Historical Society of North Dakota.</subfield></datafield><datafield ind1=" " ind2=" " tag="752"><subfield code="a">United States</subfield><subfield code="b">North Dakota</subfield><subfield code="c">LaMoure</subfield><subfield code="d">Verona.</subfield></datafield><datafield ind1="0" ind2="4" tag="785"><subfield code="t">LaMoure echo</subfield><subfield code="w">(DLC)sn 87096015</subfield></datafield></record>